<?xml version="1.0" encoding="UTF-8"?>
<record xmlns="http://www.loc.gov/MARC21/slim">
   <leader>01573cam a2200301 a 4500</leader>
   <controlfield tag="001">2769399</controlfield>
   <controlfield tag="003">NjP</controlfield>
   <controlfield tag="005">20171013173646.0</controlfield>
   <controlfield tag="008">950424q19601969ir       b    000 0 arard</controlfield>
   <datafield tag="024" ind1="7" ind2=" ">
      <subfield code="a">princeton_aco003559</subfield>
      <subfield code="2">local</subfield>
   </datafield>
   <datafield ind1=" " ind2=" " tag="035">
      <subfield code="a">(OCoLC)ocn178417851</subfield>
   </datafield>
   <datafield ind1=" " ind2=" " tag="035">
      <subfield code="a">(OCoLC)ocm32356795</subfield>
   </datafield>
   <datafield ind1=" " ind2=" " tag="040">
      <subfield code="a">OSU</subfield>
      <subfield code="c">PUL</subfield>
      <subfield code="d">PUL</subfield>
   </datafield>
   <datafield ind1=" " ind2=" " tag="035">
      <subfield code="a">(OCoLC)178417851</subfield>
   </datafield>
   <datafield ind1=" " ind2=" " tag="035">
      <subfield code="9">CNG5940TS</subfield>
   </datafield>
   <datafield ind1=" " ind2=" " tag="035">
      <subfield code="a">(NjP)2769399</subfield>
   </datafield>
   <datafield ind1=" " ind2=" " tag="079">
      <subfield code="a">ocm32356795</subfield>
   </datafield>
   <datafield ind1=" " ind2=" " tag="049">
      <subfield code="a">PULL</subfield>
   </datafield>
   <datafield ind1="1" ind2=" " tag="100">
      <subfield code="6">880-01</subfield>
      <subfield code="a">Tabrīzī, Abū Ṭālib Tajlīl.</subfield>
   </datafield>
   <datafield ind1="1" ind2="0" tag="245">
      <subfield code="6">880-02</subfield>
      <subfield code="a">Muʻjam al-thiqāt wa-tartīb al-ṭabaqāt :</subfield>
      <subfield code="b">fī jamʻ al-ruwāt al-Muṣarraḥah bi-tawthīqīhim bi-al-khusūs aw al-ʻumūm aw al-mamdūḥah bima yumkir istinbāt al-wathāqah minhu bi-al-tatabbuʻ fī kutub al-īmāmiyah /</subfield>
      <subfield code="c">li-Abū Ṭālib al-Tajlīl al-Tabrīzī.</subfield>
   </datafield>
   <datafield ind1=" " ind2=" " tag="260">
      <subfield code="a">[Iran :</subfield>
      <subfield code="b">s.n.,</subfield>
      <subfield code="c">196-?]</subfield>
   </datafield>
   <datafield ind1=" " ind2=" " tag="300">
      <subfield code="a">387 p. ;</subfield>
      <subfield code="c">25 cm.</subfield>
   </datafield>
   <datafield ind1=" " ind2=" " tag="504">
      <subfield code="a">Includes bibliographical references.</subfield>
   </datafield>
   <datafield ind1=" " ind2="0" tag="650">
      <subfield code="a">Hadith (Shiites)</subfield>
      <subfield code="x">Authorities.</subfield>
      <subfield code="0">http://id.loc.gov/authorities/subjects/sh85058200</subfield>
   </datafield>
   <datafield ind1=" " ind2="0" tag="650">
      <subfield code="a">Hadith (Shiites)</subfield>
      <subfield code="x">Criticism, interpretation, etc.</subfield>
      <subfield code="0">http://id.loc.gov/authorities/subjects/sh91004146</subfield>
   </datafield>
   <datafield ind1="1" ind2=" " tag="880">
      <subfield code="6">100-01/r</subfield>
      <subfield code="a">تبريزي، ابو طالب تجليل.</subfield>
   </datafield>
   <datafield ind1="1" ind2="0" tag="880">
      <subfield code="6">245-02/r</subfield>
      <subfield code="a">معجم الثقات وترتيب الطبقات :</subfield>
      <subfield code="b">في جمع الروات المصرحة بتوثيقيهم بالخسوس او العموم او الممدوحة بم يمكر استنبات الوثاقة منه بالتتبع في كتب الامامية /</subfield>
      <subfield code="c">لاابو طالب التجليل التبريزي.</subfield>
   </datafield>
   <datafield ind1=" " ind2=" " tag="911">
      <subfield code="a">20000130</subfield>
   </datafield>
   <datafield ind1=" " ind2=" " tag="994">
      <subfield code="a">C0</subfield>
      <subfield code="b">PUL</subfield>
   </datafield>
   <datafield ind1=" " ind2=" " tag="999">
      <subfield code="a">2769399</subfield>
   </datafield>
   <datafield ind1="0" ind2="0" tag="852">
      <subfield code="0">3080235</subfield>
      <subfield code="b">rcppa</subfield>
      <subfield code="t">1</subfield>
      <subfield code="h">BP193.28</subfield>
      <subfield code="i">.T337 1960z</subfield>
      <subfield code="x">tr fr nec</subfield>
   </datafield>
   <datafield ind1=" " ind2=" " tag="959">
      <subfield code="a">2009-07-02 12:45:06 -0400</subfield>
   </datafield>
</record>
